@article{shockleyqueisser,
author =       "Shockley, W. and Queisser, H.",
title =        "Detailed Balance limit of efficiency of p-n junction solar cells",
journal =      "Journal Applied Physics",
year =         "1961",
volume =       "32",
pages =        "510-519",
month =        "March"}

@book{deVos,
author = " deVos, A.",
year = "1992",
title = "Endoreversible Thermodynamics of Solar Energy Conversion",
publisher = "Oxford University Press",
address = "Oxford"}


@conference{blakers,
author = "A. Blakers and K. Weber and others",
year = "2006",
title = "Sliver Cells - A Complete Photovoltaic Solution",
organization = " IEEE 4th World PV Energy
Conversion Conference",
month = "May"}
